<record><leader>00000cas a22000007a 4500</leader><controlfield tag="001">9963816</controlfield><controlfield tag="008">830929d18741875ksuwr ne      0    0eng d</controlfield><datafield ind1=" " ind2=" " tag="010"><subfield code="a">sn 83040586 </subfield></datafield><datafield ind1=" " ind2=" " tag="040"><subfield code="a">KSH</subfield><subfield code="b">eng</subfield><subfield code="c">KSH</subfield><subfield code="d">NPT</subfield><subfield code="d">NPX</subfield><subfield code="d">MGN</subfield><subfield code="d">OCLCQ</subfield></datafield><datafield ind1=" " ind2=" " tag="042"><subfield code="a">msc</subfield></datafield><datafield ind1="0" ind2="0" tag="245"><subfield code="a">Brown County advocate.</subfield></datafield><datafield ind1=" " ind2=" " tag="260"><subfield code="a">Hiawatha, Brown County, Kan. :</subfield><subfield code="b">Davis &amp; Roberts</subfield></datafield><datafield ind1=" " ind2=" " tag="300"><subfield code="a">v. ;</subfield><subfield code="c">52 cm.</subfield></datafield><datafield ind1=" " ind2=" " tag="310"><subfield code="a">Weekly</subfield></datafield><datafield ind1="1" ind2=" " tag="362"><subfield code="a">Began in 1874; ceased in 1875.</subfield></datafield><datafield ind1=" " ind2=" " tag="588"><subfield code="a">Description based on: Vol. 1, no. 7 (Aug. 7, 1874).</subfield></datafield><datafield ind1=" " ind2=" " tag="752"><subfield code="a">United States</subfield><subfield code="b">Kansas</subfield><subfield code="c">Brown</subfield><subfield code="d">Hiawatha.</subfield></datafield><datafield ind1="0" ind2="0" tag="780"><subfield code="t">Netawaka chief (Netawaka, Kan. : 1872)</subfield><subfield code="w">(DLC)sn 84027648</subfield></datafield><datafield ind1="0" ind2="0" tag="785"><subfield code="t">Kansas herald (Hiawatha, Kan.)</subfield><subfield code="w">(DLC)sn 83040537</subfield></datafield></record>